@article{dost2008qnet,
  title={QNet: a tool for querying protein interaction networks},
  author={Dost, Banu and Shlomi, Tomer and Gupta, Nitin and Ruppin, Eytan and Bafna, Vineet and Sharan, Roded},
  journal={Journal of Computational Biology},
  volume={15},
  number={7},
  pages={913--925},
  year={2008},
  publisher={Mary Ann Liebert, Inc. 2 Madison Avenue Larchmont, NY 10538 USA}
}
@inproceedings{khan2011neighborhood,
  title={Neighborhood based fast graph search in large networks},
  author={Khan, Arijit and Li, Nan and Yan, Xifeng and Guan, Ziyu and Chakraborty, Supriyo and Tao, Shu},
  booktitle={Proc. SIGMOD Conf.},
  pages={901--912},
  year={2011},
  organization={}
}
@incollection{park1981concurrency,
  title={Concurrency and automata on infinite sequences},
  author={Park, David},
  booktitle={Theoretical computer science},
  pages={167--183},
  year={1981},
  publisher={Springer}
}
@article{bloom1970space,
  title={Space/time trade-offs in hash coding with allowable errors},
  author={Bloom, Burton H},
  journal={Communications of the ACM},
  volume={13},
  number={7},
  pages={422--426},
  year={1970},
  publisher={}
}
@inproceedings{chazelle2004bloomier,
  title={The Bloomier filter: an efficient data structure for static support lookup tables},
  author={Chazelle, Bernard and Kilian, Joe and Rubinfeld, Ronitt and Tal, Ayellet},
  booktitle={Proc. of the SODA Conf.},
  pages={30--39},
  year={2004},
  organization={}
}
@article{fernandez2001graph,
  title={A graph distance metric combining maximum common subgraph and minimum common supergraph},
  author={Fern{\'a}ndez, Mirtha-Lina and Valiente, Gabriel},
  journal={Pattern Recognition Letters},
  volume={22},
  number={6},
  pages={753--758},
  year={2001},
  publisher={}
}
@article{bunke1998graph,
  title={A graph distance metric based on the maximal common subgraph},
  author={Bunke, Horst and Shearer, Kim},
  journal={Pattern recognition letters},
  volume={19},
  number={3},
  pages={255--259},
  year={1998},
  publisher={}
}
@article{raymond2002rascal,
  title={Rascal: Calculation of graph similarity using maximum common edge subgraphs},
  author={Raymond, John W and Gardiner, Eleanor J and Willett, Peter},
  journal={The Computer Journal},
  volume={45},
  number={6},
  pages={631--644},
  year={2002},
  publisher={}
}
@article{gao2010survey,
  title={A survey of graph edit distance},
  author={Gao, Xinbo and Xiao, Bing and Tao, Dacheng and Li, Xuelong},
  journal={Pattern Analysis and applications},
  volume={13},
  number={1},
  pages={113--129},
  year={2010},
  publisher={}
}
@article{mottin2014exemplar,
  title={Exemplar queries: Give me an example of what you need},
  author={Mottin, Davide and Lissandrini, Matteo and Velegrakis, Yannis and Palpanas, Themis},
  journal={PVLDB},
  volume={7},
  number={5},
  pages={365--376},
  year={2014},
  publisher={}
}
@inproceedings{tian2008tale,
  title={Tale: A tool for approximate large graph matching},
  author={Tian, Yuanyuan and Patel, Jignesh M},
  booktitle={Proc. of the ICDE Conf.},
  pages={963--972},
  year={2008},
  organization={}
}
@article{zhang2010sapper,
  title={Sapper: Subgraph indexing and approximate matching in large graphs},
  author={Zhang, Shijie and Yang, Jiong and Jin, Wei},
  journal={PVLDB},
  volume={3},
  number={1-2},
  pages={1185--1194},
  year={2010},
  publisher={}
}
@article{wang2012efficiently,
  title={Efficiently indexing large sparse graphs for similarity search},
  author={Wang, Guoren and Wang, Bin and Yang, Xiaochun and Yu, Ge},
  journal={TKDE},
  volume={24},
  number={3},
  pages={440--451},
  year={2012},
  publisher={}
}
@article{zeng2009comparing,
  title={Comparing stars: on approximating graph edit distance},
  author={Zeng, Zhiping and Tung, Anthony KH and Wang, Jianyong and Feng, Jianhua and Zhou, Lizhu},
  journal={PVLDB},
  volume={2},
  number={1},
  pages={25--36},
  year={2009},
  publisher={}
}
@inproceedings{zheng2013graph,
  title={Graph similarity search with edit distance constraint in large graph databases},
  author={Zheng, Weiguo and Zou, Lei and Lian, Xiang and Wang, Dong and Zhao, Dongyan},
  booktitle={Proc. of the CIKM Conf.},
  pages={1595--1600},
  year={2013},
  organization={}
}
@article{mongiovi2010sigma,
  title={Sigma: a set-cover-based inexact graph matching algorithm},
  author={Mongiovi, Misael and Di Natale, Raffaele and Giugno, Rosalba and Pulvirenti, Alfredo and Ferro, Alfredo and Sharan, Roded},
  journal={Journal of bioinformatics and computational biology},
  volume={8},
  number={02},
  pages={199--218},
  year={2010},
  publisher={}
}
@misc{klyne2006resource,
  title={Resource description framework (RDF): Concepts and abstract syntax},
  author={Klyne, Graham and Carroll, Jeremy J},
  howpublished={W3C},
  year={2006}
}
@article{pavlopoulos2011using,
  title={Using graph theory to analyze biological networks},
  author={Pavlopoulos, Georgios A and Secrier, Maria and Moschopoulos, Charalampos N and Soldatos, Theodoros G and Kossida, Sophia and Aerts, Jan and Schneider, Reinhard and Bagos, Pantelis G},
  journal={BioData mining},
  volume={4},
  number={1},
  pages={1},
  year={2011},
  publisher={}
}
@article{balaban1985applications,
  title={Applications of graph theory in chemistry},
  author={Balaban, Alexandru T},
  journal={Journal of Chemical Information and Computer Sciences},
  volume={25},
  number={3},
  pages={334--343},
  year={1985},
  publisher={}
}
@inproceedings{spertus2005evaluating,
  title={Evaluating similarity measures: a large-scale study in the orkut social network},
  author={Spertus, Ellen and Sahami, Mehran and Buyukkokten, Orkut},
  booktitle={Proc. of the KDD Conf.},
  pages={678--684},
  year={2005},
  organization={}
}
@inproceedings{yan2002gspan,
  title={gspan: Graph-based substructure pattern mining},
  author={Yan, Xifeng and Han, Jiawei},
  booktitle={Proc. of the ICDM Conf.},
  pages={721--724},
  year={2002},
  organization={}
}
@inproceedings{bonstrom2003storing,
  title={Storing RDF as a graph},
  author={Bonstrom, Valerie and Hinze, Annika and Schweppe, Heinz},
  booktitle={Latin American Web Congress},
  pages={27--36},
  year={2003},
  organization={}
}
@inproceedings{bollacker2008freebase,
  title={Freebase: a collaboratively created graph database for structuring human knowledge},
  author={Bollacker, Kurt and Evans, Colin and Paritosh, Praveen and Sturge, Tim and Taylor, Jamie},
  booktitle={Proc. of the SIGMOD Conf.},
  pages={1247--1250},
  year={2008},
  organization={}
}
@misc{eteq2016,
  title={Error-tolerant Exemplar Queries on RDF Graphs},
  author={Shao, Zhaoyang and Rafiei, Davood and Palpanas, Themis},
  year={2016},
  howpublished = {arxiv:1609.03095 [cs-DB]}
}

